<collection xmlns="http://www.loc.gov/MARC21/slim">
<record>
  <leader>01362nam0a22002171i 450 </leader>
  <controlfield tag="001">IT\ICCU\CNCE\058128</controlfield>
  <controlfield tag="005">20160311000000.0</controlfield>
  <datafield tag="012" ind1=" " ind2=" ">
    <subfield code="a">i-i- n-di iae- tiut (3) 1551 (R)</subfield>
    <subfield code="2">fei</subfield>
  </datafield>
  <datafield tag="100" ind1=" " ind2=" ">
    <subfield code="a">20040512d1551        0itac0103    ba</subfield>
  </datafield>
  <datafield tag="101" ind1=" " ind2=" ">
    <subfield code="a">LAT</subfield>
  </datafield>
  <datafield tag="102" ind1=" " ind2=" ">
    <subfield code="a">IT</subfield>
  </datafield>
  <datafield tag="200" ind1="1" ind2=" ">
    <subfield code="a">Summarium decretorum Sabaudie ordinem iudiciarum concernetium per clariss. iurisc. d. Ioannem Neuizanum Asten. anno MDXXII extractum ab vltima impressione Francisci de Sylua, prout in numero chartarum hic in margine notato: subordinatis connexis ad materiam que illinc etiam sumpta fuerunt ex chartis in columna signatis, additis pluribus impressis, ac retro acto valore ducati. Ad haec que Neuizanus pollicetur accesserunt, rerum lucidior per capita dispositio earundem non incommoda tabula, ac nummi aurei variatio a descriptione Neuizani vsque in presentem annum qui est quinquagesimus supra sesquimillesimum</subfield>
  </datafield>
  <datafield tag="210" ind1=" " ind2=" ">
    <subfield code="a">Bugellae</subfield>
    <subfield code="c">apud Antonium Mondellam et fratres</subfield>
    <subfield code="d">1551</subfield>
  </datafield>
  <datafield tag="215" ind1=" " ind2=" ">
    <subfield code="a">24 c.</subfield>
    <subfield code="c">ill.</subfield>
    <subfield code="d">4ʻ</subfield>
  </datafield>
  <datafield tag="620" ind1=" " ind2=" ">
    <subfield code="a">IT</subfield>
    <subfield code="d">Biella</subfield>
  </datafield>
  <datafield tag="710" ind1="0" ind2="2">
    <subfield code="a">Savoia</subfield>
    <subfield code="c"> &lt;Ducato&gt;</subfield>
    <subfield code="3">8866</subfield>
  </datafield>
  <datafield tag="702" ind1=" " ind2="1">
    <subfield code="a">Nevizzano,</subfield>
    <subfield code="b">Giovanni</subfield>
    <subfield code="3">IT\ICCU\CNCA\009044</subfield>
  </datafield>
  <datafield tag="712" ind1="0" ind2="0">
    <subfield code="a">Mondella, Antonio &amp; fratelli</subfield>
    <subfield code="3">IT\ICCU\CNCT\000229</subfield>
    <subfield code="4">650</subfield>
  </datafield>
  <datafield tag="790" ind1=" " ind2="1">
    <subfield code="a">Nevizanus,</subfield>
    <subfield code="b">Johannes</subfield>
    <subfield code="3">IT\ICCU\CNCA\017687</subfield>
    <subfield code="z">Nevizzano, Giovanni</subfield>
  </datafield>
  <datafield tag="801" ind1=" " ind2="3">
    <subfield code="a">IT</subfield>
    <subfield code="b">ICCU</subfield>
    <subfield code="c">20201115</subfield>
  </datafield>
  <datafield tag="899" ind1=" " ind2=" ">
    <subfield code="a">Biblioteca dell&apos;Archivio di Stato di Biella. Biella</subfield>
    <subfield code="z">MUTILO</subfield>
    <subfield code="1">BI0036</subfield>
    <subfield code="2">BI ASS</subfield>
  </datafield>
</record>
</collection>
